@book{foley95,
  author = {J. D. Foley i in., tłum. J. Zabrodzki},
  title = {Wprowadzenie do Grafiki Komputerowej},
  year = {1995},
  publisher = {WNT, Warszawa}
}
@book{dunn02,
  author = {F. Dunn, I. Parberry},
  title = {3D Math Primer for Graphics and Game Development},
  year = {2002},
  publisher = {Wordware Publishing, Inc.}
}
@book{suffern2007,
  author = {K. Suffern},
  title = {Ray Tracing from the Ground Up},
  year = {2007},
  publisher = {A K Peters, Ltd., Wellesley, Massachusetts}
}
@misc{scratch,
  title = {StrachPixel 2.0},
  howpublished = {https://www.scratchapixel.com},
  note = {Accessed: 27.09.2017}
}
@misc{wikiMoll,
  title = {Wikipedia, Wolna Encyklopedia},
  howpublished = {https://en.wikipedia.org/wiki/Moller–Trumbore_intersection_algorithm},
  note = {Accessed: 15.09.2017}
}
@misc{snellius,
  title = {Wikipedia, Wolna Encyklopedia},
  howpublished = {https://pl.wikipedia.org/wiki/Prawo_Snelliusa},
  note = {Accessed: 02.11.2017}
}
@mastersthesis{falski2004,
  author = {M. Falski},
  title = {Przegląd modeli oświetlenia w grafice komputerowej},
  school = {Uniwersytet Wrocławski},
  year = {2004},
  note = {Praca magisterska pod kierunkiem dr A. Łukaszewskiego}
}